

@inproceedings{Betancourt:2013b,
	Author = {Betancourt, Michael},
	Booktitle = {First International Conference on the Geometric Science of Information},
	Editor = {Nielsen, F. and Barbaresco, F.},
	Publisher = {Springer},
	Series = {Lecture Notes in Computer Science},
	Title = {A General Metric for {R}iemannian {H}amiltonian {M}onte {C}arlo},
	Volume = {8085},
	Year = {2013}}

@article{Betancourt:2016,
	Author = {Michael Betancourt},
	Month = {01},
	Title = {Identifying the Optimal Integration Time in Hamiltonian Monte Carlo},
	Year = {2016}}

@article{BetancourtEtAl:2014b,
	Author = {Michael Betancourt and Simon Byrne and Mark Girolami},
	Journal = {ArXiv e-prints},
	Month = {11},
	Title = {Optimizing The Integrator Step Size for Hamiltonian Monte Carlo},
	Volume = {1410.5110},
	Year = {2014}}

@incollection{BetancourtEtAl:2015,
	Author = {Michael Betancourt and Mark Girolami},
	Booktitle = {{Current Trends in Bayesian Methodology with Applications}},
	Editor = {Dipak K. Dey, Umesh Singh and A. Loganathan},
	Publisher = {Chapman \& Hall/CRC Press},
	Title = {{H}amiltonian {M}onte {C}arlo for Hierarchical Models},
	Year = {2015}}

@article{BetancourtEtAl:2014a,
	Author = {Michael Betancourt and Simon Byrne and Samuel Livingstone and Mark Girolami},
	Journal = {ArXiv e-prints},
	Month = {10},
	Title = {The Geometric Foundations of {H}amiltonian {M}onte {C}arlo},
	Volume = {1410.5110},
	Year = {2014}}

@article{DuaneEtAl:1987,
	Author = {Simon Duane and A.D. Kennedy and Brian J. Pendleton and Duncan Roweth},
	Journal = {Physics Letters B},
	Number = {2},
	Pages = {216 - 222},
	Title = {{H}ybrid {M}onte {C}arlo},
	Volume = {195},
	Year = {1987}}

@book{GelmanEtAl:2014a,
	Author = {Gelman, Andrew and Carlin, John B. and Stern, Hal S. and Dunson, David B. and Vehtari, Aki and Rubin, Donald B.},
	Edition = {Third},
	Publisher = {CRC Press, Boca Raton, FL},
	Series = {Texts in Statistical Science Series},
	Title = {Bayesian Data Analysis},
	Year = {2014}}

@article{GelmanEtAl:1992,
	Author = {Gelman, Andrew and Rubin, Donald B},
	Journal = {Statistical science},
	Pages = {457--472},
	Title = {Inference From Iterative Simulation Using Multiple Sequences},
	Year = {1992}}

@article{HoffmanEtAl:2014,
	Author = {Matthew D. Hoffman and Andrew Gelman},
	Journal = {Journal of Machine Learning Research},
	Month = {Apr},
	Pages = {1593--1623},
	Title = {The {N}o-{U}-{T}urn Sampler: Adaptively Setting Path Lengths in {H}amiltonian {M}onte {C}arlo},
	Volume = {15},
	Year = {2014}}

@article{LivingstoneEtAl:2016,
	Author = {Samuel Livingstone and Michael Betancourt and Simon Byrne and Mark Girolami},
	Month = {01},
	Title = {On the Geometric Ergodicity of Hamiltonian Monte Carlo},
	Year = {2016}}

@incollection{Neal:2011,
	Address = {New York},
	Author = {Neal, R.M.},
	Booktitle = {Handbook of Markov Chain Monte Carlo},
	Editor = {Brooks, Steve and Gelman, Andrew and Jones, Galin L. and Meng, Xiao-Li},
	Publisher = {CRC Press},
	Title = {{MCMC} Using {H}amiltonian Dynamics},
	Year = {2011}}

@article{PapaspiliopoulosEtAl:2007,
	Author = {Papaspiliopoulos, Omiros and Roberts, Gareth O and Sk{\"o}ld, Martin},
	Journal = {Statistical Science},
	Pages = {59--73},
	Title = {A General Framework for the Parametrization of Hierarchical Models},
	Year = {2007}}

@book{RobertEtAl:1999,
	Author = {Robert, Christian P and Casella, George},
	Publisher = {Springer New York},
	Title = {{M}onte {C}arlo Statistical Methods},
	Year = {1999}}

@article{Rubin:1981,
	Author = {Rubin, Donald B},
	Journal = {Journal of Educational and Behavioral Statistics},
	Number = {4},
	Pages = {377--401},
	Title = {Estimation in Parallel Randomized Experiments},
	Volume = {6},
	Year = {1981}}

@book{Rubin:2004,
	Author = {Rubin, Donald B.},
	Publisher = {Wiley-Interscience [John Wiley \&amp; Sons], Hoboken, NJ},
	Series = {Wiley Classics Library},
	Title = {Multiple imputation for nonresponse in surveys},
	Year = {2004}}

@misc{CmdStan:2016,
	Author = {{Stan Development Team}},
	Howpublished = {http://mc-stan.org/cmdstan.html},
	Title = {{C}md{S}tan: {T}he command-line interface to {S}tan, {V}ersion 2.9.0},
	Year = {2016}}

@misc{Stan:2016,
	Author = {{Stan Development Team}},
	Howpublished = {http://mc-stan.org/},
	Title = {{S}tan: {A} {C}++ Library for Probability and Sampling, Version 2.9.0},
	Year = {2016}}

@book{BrooksEtAl:2011,
	Address = {New York},
	Editor = {Brooks, Steve and Gelman, Andrew and Jones, Galin L. and Meng, Xiao-Li},
	Publisher = {CRC Press},
	Title = {Handbook of {M}arkov {C}hain {M}onte {C}arlo},
	Year = {2011}}
